<?xml version="1.0" encoding="UTF-8"?><collection xmlns="http://www.loc.gov/MARC21/slim"><record><leader>00434nam--2200157-i-4500</leader><controlfield tag="001">000009297</controlfield><controlfield tag="002">20161230</controlfield><controlfield tag="005">20170103222418</controlfield><controlfield tag="008">060222s1000------------r-----000-0-eng-d</controlfield><datafield ind1=" " ind2=" " tag="080"><subfield code="a">66</subfield></datafield><datafield ind1=" " ind2=" " tag="245"><subfield code="a">Chemical engineering catalog. e.c.e</subfield></datafield><datafield ind1=" " ind2=" " tag="260"><subfield code="a">Stamford/Conn</subfield><subfield code="b">Reinhold Publ.Corp</subfield><subfield code="c">1970</subfield></datafield><datafield ind1=" " ind2=" " tag="300"><subfield code="a">90 p.+ /P.Dif.</subfield></datafield><datafield ind1=" " ind2=" " tag="490"><subfield code="a">The Process Industries Catalog 54th Edition/19 70</subfield></datafield><datafield ind1=" " ind2=" " tag="852"><subfield code="a">D.2086</subfield></datafield><datafield ind1=" " ind2=" " tag="CAT"><subfield code="a">SYS</subfield><subfield code="c">20170103</subfield><subfield code="h">222418</subfield></datafield></record></collection>